<record><leader>00000cas a22000007a 4500</leader><controlfield tag="001">21351518</controlfield><controlfield tag="008">900410d19121941gauwr ne      0    0eng d</controlfield><datafield ind1=" " ind2=" " tag="010"><subfield code="a">sn 90052170 </subfield></datafield><datafield ind1=" " ind2=" " tag="040"><subfield code="a">NLG</subfield><subfield code="b">eng</subfield><subfield code="c">NLG</subfield><subfield code="d">GUA</subfield><subfield code="d">OCLCQ</subfield><subfield code="d">OCLCF</subfield><subfield code="d">OCLCO</subfield></datafield><datafield ind1="1" ind2=" " tag="029"><subfield code="a">AU@</subfield><subfield code="b">000026207704</subfield></datafield><datafield ind1=" " ind2=" " tag="042"><subfield code="a">msc</subfield></datafield><datafield ind1=" " ind2=" " tag="043"><subfield code="a">n-us-ga</subfield></datafield><datafield ind1="0" ind2=" " tag="130"><subfield code="a">Baxley news-banner (Baxley, Ga. : 1912)</subfield></datafield><datafield ind1="1" ind2="4" tag="245"><subfield code="a">The Baxley news-banner.</subfield></datafield><datafield ind1=" " ind2=" " tag="260"><subfield code="a">Baxley, Ga. :</subfield><subfield code="b">Baxley News-Banner, Co.,</subfield><subfield code="c">[1912-1941]</subfield></datafield><datafield ind1=" " ind2=" " tag="300"><subfield code="a">v.</subfield></datafield><datafield ind1=" " ind2=" " tag="310"><subfield code="a">Weekly</subfield></datafield><datafield ind1="0" ind2=" " tag="362"><subfield code="a">Vol. 29, no. 52 (Nov. 15, 1912)-v. 55, no. 1 (Jan. 2, 1941).</subfield></datafield><datafield ind1=" " ind2=" " tag="515"><subfield code="a">Volumne numbering irregular.</subfield></datafield><datafield ind1=" " ind2=" " tag="530"><subfield code="a">Also on microfilm: Athens, Ga. : University of Georgia Libraries.</subfield></datafield><datafield ind1=" " ind2="0" tag="651"><subfield code="a">Baxley (Ga.)</subfield><subfield code="v">Newspapers.</subfield></datafield><datafield ind1=" " ind2="0" tag="651"><subfield code="a">Appling County (Ga.)</subfield><subfield code="v">Newspapers.</subfield></datafield><datafield ind1=" " ind2="7" tag="655"><subfield code="a">Newspapers.</subfield><subfield code="2">fast</subfield><subfield code="0">(OCoLC)fst01423814</subfield></datafield><datafield ind1=" " ind2="7" tag="651"><subfield code="a">Georgia</subfield><subfield code="z">Appling County.</subfield><subfield code="2">fast</subfield><subfield code="0">(OCoLC)fst01214539</subfield></datafield><datafield ind1=" " ind2="7" tag="651"><subfield code="a">Georgia</subfield><subfield code="z">Baxley.</subfield><subfield code="2">fast</subfield><subfield code="0">(OCoLC)fst01216880</subfield></datafield><datafield ind1=" " ind2=" " tag="752"><subfield code="a">United States</subfield><subfield code="b">Georgia</subfield><subfield code="c">Appling</subfield><subfield code="d">Baxley.</subfield></datafield><datafield ind1="0" ind2="0" tag="780"><subfield code="t">News banner (Baxley, Ga.)</subfield><subfield code="w">(DLC)sn 90052168</subfield><subfield code="w">(OCoLC)21430792</subfield></datafield><datafield ind1="0" ind2="0" tag="785"><subfield code="t">Baxley news-banner (Baxley herald)</subfield><subfield code="w">(DLC)sn 90052171</subfield><subfield code="w">(OCoLC)21430897</subfield></datafield></record>